<?xml version="1.0" encoding="UTF-8"?><collection xmlns="http://www.loc.gov/MARC21/slim"><record><leader>00782nam--2200217-u-4500</leader><controlfield tag="001">000053325</controlfield><controlfield tag="002">20161230</controlfield><controlfield tag="005">20161230201051</controlfield><controlfield tag="008">110311s1000------------r-----000-0-eng-d</controlfield><datafield ind1=" " ind2=" " tag="020"><subfield code="a">0821820427</subfield></datafield><datafield ind1=" " ind2=" " tag="040"><subfield code="a">IFIN-HH</subfield></datafield><datafield ind1=" " ind2=" " tag="080"><subfield code="a">512.548:(514:517:53)</subfield></datafield><datafield ind1="1" ind2=" " tag="100"><subfield code="a">Ramasay, Arlan</subfield></datafield><datafield ind1="1" ind2="0" tag="245"><subfield code="a">Groupoids in analysis, geometry, and physics</subfield><subfield code="b">Ams-ims-siam joint research conference on groupoids in analysis, geometry, and physics, june 20-24, 1999 university of colorado, boulder</subfield><subfield code="c">Arlan ramasay; jean renault (eds.)</subfield></datafield><datafield ind1=" " ind2=" " tag="260"><subfield code="a">Providence, Rhode Island</subfield><subfield code="b">American Mathematical Society</subfield><subfield code="c">2001</subfield></datafield><datafield ind1=" " ind2=" " tag="300"><subfield code="a">192P</subfield></datafield><datafield ind1=" " ind2=" " tag="490"><subfield code="a">Contemporary Mathematics</subfield><subfield code="v">Vol. 282</subfield></datafield><datafield ind1=" " ind2="4" tag="650"><subfield code="a">Groupoids</subfield></datafield><datafield ind1="1" ind2=" " tag="700"><subfield code="a">Renault, Jean</subfield><subfield code="e">Ed</subfield></datafield><datafield ind1=" " ind2=" " tag="852"><subfield code="a">81646</subfield><subfield code="c">519.4/5</subfield></datafield><datafield ind1=" " ind2=" " tag="CAT"><subfield code="a">Sys</subfield><subfield code="c">20110311</subfield><subfield code="h">140652</subfield></datafield></record></collection>